@misc{
    Mashable01,
    author = "Kurt Wagner",
    howpublished = "\url{http://mashable.com/2014/04/23/facebook-1-billion-mobile-users/}",
    title = "Facebook Passes 1 Billion Monthly Mobile Users",
    year = "2014"
},

@misc{
    StatisticsBrain01,
    author = "Statistics Brain",
    howpublished = "\url{http://www.statisticbrain.com/google-searches/}",
    title = "Google Annual Search Statistics",
    year = "2014"
},

@misc{
    Facebook01,
    author = "James PearceOpen",
    howpublished = "\url{https://code.facebook.com/posts/292625127566143/9-9-million-lines-of-code-and-still-moving-fast-facebook-open-source-in-2014/}",
    title = "9.9 million lines of code and still moving fast - Facebook open source in 2014",
    year = "2014"
},

@misc{
    CRN01,
    author = "Rick Whiting",
    howpublished = "\url{http://www.crn.com/slide-shows/channel-programs/240154736/the-25-biggest-tech-companies-on-the-fortune-500.htm}",
    title = "The 25 Biggest Tech Companies On The Fortune 500",
    year = "2014"
},

@incollection{Cukier01,
  author      = " Kenneth Cukier",
  booktitle   = "Big Data: A Revolution That Will Transform How We Live, Work and Think",
  publisher   = "John Murray",
  year        = 2013,
},

@misc{
    Orsini01,
    author = "Lauren Orsini",
    howpublished = "\url{http://readwrite.com/2014/02/04/open-source-5-companies-code-projects}",
    title = "Open Source Should Thank These Five Companies",
    year = "2014"
},

@misc{
    DeshpandeRiehle01,
    author = "Amit Deshpande and Dirk Riehle",
    howpublished = "\url{http://dirkriehle.com/publications/2008-2/the-total-growth-of-open-source/}",
    title = "The Total Growth of Open Source",
    year = "2008"
},

@misc{
   Wikipedia01,
   author = "Wikipedia",
   title = "Dot-com bubble~--- {W}ikipedia{,} The Free Encyclopedia",
   year = "2014",
   howpublished = "\url{http://en.wikipedia.org/wiki/Dot-com_bubble}",
   note = "[Online; accessed 02-August-2014]"
},

@misc{
   Wikipedia02,
   author = "Wikipedia",
   title = "Google Flu Trends~--- {W}ikipedia{,} The Free Encyclopedia",
   year = "2014",
   howpublished = "\url{http://en.wikipedia.org/wiki/Google_Flu_Trends}",
   note = "[Online; accessed 01-August-2014]"
},

@misc{
   Wikipedia03,
   author = "Wikipedia",
   title = "Social media~--- {W}ikipedia{,} The Free Encyclopedia",
   year = "2014",
   howpublished = "\url{http://en.wikipedia.org/wiki/Social_media}",
   note = "[Online; accessed 01-August-2014]"
},

@misc{
   TechCrunch01,
   author = "MG Siegler",
   title = "When Google Wanted To Sell To Excite For Under \$1
                  Million~--- And They Passed",
   year = "2014",
   howpublished = "\url{http://techcrunch.com/2010/09/29/google-excite/}",
   note = "[Online; accessed 01-August-2014]"
},

@misc{
   Kopytoff01,
   author = "Verne Kopytoff",
   title = "Google Senses That It's Time to Grow Up",
   year = "2000",
   howpublished = "\url{http://www.sfgate.com/business/article/Google-Senses-That-It-s-Time-to-Grow-Up-3237385.php}",
   note = "[Online; accessed 05-August-2014]"
},

@misc{
   Google01,
   author = "Google",
   title = "2003 Financial Tables",
   year = "2004",
   howpublished = "\url{https://investor.google.com/financial/2003/tables.html}",
   note = "[Online; accessed 05-August-2014]"
},

@misc{
   Sedghi01,
   author = "Ami Sedghi",
   title = "Facebook: 10 years of social networking, in numbers",
   year = "2014",
   howpublished = "\url{http://www.theguardian.com/news/datablog/2014/feb/04/facebook-in-numbers-statistics}",
   note = "[Online; accessed 05-August-2014]"
},

@misc{
   Wikipedia04,
   author = "Wikipedia",
   title = "Amazon Web Services~--- {W}ikipedia{,} The Free Encyclopedia",
   year = "2014",
   howpublished = "\url{http://en.wikipedia.org/wiki/Amazon_Web_Services}",
   note = "[Online; accessed 05-August-2014]"
},

@misc{
   Wikipedia05,
   author = "Wikipedia",
   title = "DevOps~--- {W}ikipedia{,} The Free Encyclopedia",
   year = "2014",
   howpublished = "\url{http://en.wikipedia.org/wiki/DevOps}",
   note = "[Online; accessed 05-August-2014]"
},

@misc{
   Christensen01,
   author = "Clayton Christensen",
   title = "Innovator's Dilemma~--- When New Technologies Cause Great
                  First to Fail",
   year = "1997"
},

@misc{
   Lepore01,
   author = "Jill Lepore",
   title = "The Disruption Machine~--- The New Yorker",
   year = "2014",
   howpublished = "\url{http://www.newyorker.com/magazine/2014/06/23/the-disruption-machine}",
   note = "[Online; accessed 05-August-2014]"
},

@misc{
   Accenture01,
   author = "Accenture",
   title = "The Boom in Global Fintech Investment",
   year = "2014",
   howpublished = "\url{http://www.accenture.com/Microsites/fsinsights/capital-markets-uk/Documents/Accenture-Global-Boom-in-Fintech-Investment.pdf}",
   note = "[Online; accessed 06-August-2014]"
},

@misc{
   OpenGamma01,
   author = "OpenGamma",
   title = "About Us",
   year = "2014",
   howpublished = "\url{http://www.opengamma.com/about-us}",
   note = "[Online; accessed 06-August-2014]"
},

@misc{
   RiskFocus01,
   author = "Risk Focus",
   title = "OpenGamma Wins Waters Sell-Side Technology Award for Best Market Risk Product",
   year = "2014",
   howpublished = "\url{http://www.riskfocus.com/opengamma-wins-waters-sell-side-technology-award-for-best-market-risk-product}",
   note = "[Online; accessed 06-August-2014]"
},

@misc{
   OpenGamma02,
   author = "OpenGamma",
   title = "News",
   year = "2014",
   howpublished = "\url{http://www.opengamma.com/news}",
   note = "[Online; accessed 06-August-2014]"
},

@misc{
   Taleb01,
   author = "Nassim Taleb",
   title = "The Noise Bottleneck or How Noise Explodes Faster than Data",
   year = "2014",
},
